<?xml version="1.0" encoding="UTF-8"?><collection xmlns="http://www.loc.gov/MARC21/slim"><record><leader>00377nam--2200121-i-4500</leader><controlfield tag="001">000044790</controlfield><controlfield tag="002">20161230</controlfield><controlfield tag="005">20161230201044</controlfield><controlfield tag="008">060222s1000------------r-----000-0-eng-d</controlfield><datafield ind1=" " ind2=" " tag="245"><subfield code="a">The technology of nuclear reactor safety: vol.1. reactor physics and control</subfield></datafield><datafield ind1=" " ind2=" " tag="260"><subfield code="a">Cambridge, Mass., The M.I.T. Press, 1964, Xii + 743p</subfield></datafield><datafield ind1=" " ind2=" " tag="700"><subfield code="a">Thompson,T.J.,Beckerley,J.G</subfield></datafield><datafield ind1=" " ind2=" " tag="852"><subfield code="a">21653</subfield></datafield></record></collection>